@book{1,
    author =       "G. Alonso",
    title =        "Web Services",
    year =         "2004",
    publisher=     "Springer-Verlag Berlin Heidelberg"
}

@book{2,
    author =       "Thomas Erl",
    title =        "Soa: principles of service design",
    year =         "2007",
    publisher=     "Hall Press Upper Saddle River"
}

@book{3,
    author =       "George Coulouris",
    title =        "Sistemas Distribuidos. conceptos y diseño",
    year =         "2001",
    publisher=     "Universidad Católica Boliviana San Plablo"
}

@article{4,
    author =       "Christian Emig",
    title =        "Model-Driven Development of SOA Services ",
    year =         "2010"
}

@book{5,
    author =       "Eric Newcomer",
    title =        "SUnderstanding SOA with Web Services (Independent Technology)",
    year =         "2004",
    publisher=     "Addison-Wesley Professional"
}